<?xml version="1.0" encoding="UTF-8"?><collection xmlns="http://www.loc.gov/MARC21/slim"><record><leader>00393nam--2200145-i-4500</leader><controlfield tag="001">000011948</controlfield><controlfield tag="002">20161230</controlfield><controlfield tag="005">20170219003552</controlfield><controlfield tag="008">060222s1000------------r-----000-0-eng-d</controlfield><datafield ind1=" " ind2=" " tag="245"><subfield code="a">Dictionar de astronomie si astronautica</subfield></datafield><datafield ind1=" " ind2=" " tag="260"><subfield code="a">Bucuresti</subfield><subfield code="b">Ed.Stiint.Si Ecicl</subfield><subfield code="c">1977</subfield></datafield><datafield ind1=" " ind2=" " tag="300"><subfield code="a">438 p</subfield></datafield><datafield ind1=" " ind2=" " tag="700"><subfield code="a">Popovici, Calin</subfield></datafield><datafield ind1=" " ind2=" " tag="852"><subfield code="a">52(038)=590:629.19(038)=590</subfield></datafield><datafield ind1=" " ind2=" " tag="CAT"><subfield code="a">SYS</subfield><subfield code="c">20170219</subfield><subfield code="h">003552</subfield></datafield></record></collection>